<record><leader>00000cas a2200000 a 4500</leader><controlfield tag="001">25575775</controlfield><controlfield tag="008">920402d19241974cauwr ne      0    0eng c</controlfield><datafield ind1=" " ind2=" " tag="010"><subfield code="a">sn 89080117 </subfield></datafield><datafield ind1=" " ind2=" " tag="040"><subfield code="a">NPV</subfield><subfield code="b">eng</subfield><subfield code="c">NPV</subfield><subfield code="d">CNK</subfield><subfield code="d">OCL</subfield><subfield code="d">OCLCQ</subfield><subfield code="d">CNK</subfield><subfield code="d">OCLCQ</subfield><subfield code="d">OCLCF</subfield><subfield code="d">OCLCO</subfield></datafield><datafield ind1="1" ind2=" " tag="029"><subfield code="a">AU@</subfield><subfield code="b">000012499567</subfield></datafield><datafield ind1=" " ind2=" " tag="042"><subfield code="a">pcc</subfield></datafield><datafield ind1=" " ind2=" " tag="043"><subfield code="a">n-us-ca</subfield></datafield><datafield ind1="0" ind2="0" tag="245"><subfield code="a">Compton herald American and the Compton herald.</subfield></datafield><datafield ind1="3" ind2=" " tag="246"><subfield code="a">Herald American</subfield></datafield><datafield ind1="1" ind2="7" tag="246"><subfield code="a">Compton herald American and call-enterprise</subfield></datafield><datafield ind1=" " ind2=" " tag="260"><subfield code="a">Compton, Calif. :</subfield><subfield code="b">Herald Pub. Co.,</subfield><subfield code="c">1924-</subfield></datafield><datafield ind1=" " ind2=" " tag="300"><subfield code="a">v. :</subfield><subfield code="b">ill.</subfield></datafield><datafield ind1=" " ind2=" " tag="310"><subfield code="a">Weekly,</subfield><subfield code="b">Oct. 19, 1972-Oct. 3, 1974</subfield></datafield><datafield ind1=" " ind2=" " tag="321"><subfield code="a">Semiweekly,</subfield><subfield code="b">- Oct. 11, 1972</subfield></datafield><datafield ind1="1" ind2=" " tag="362"><subfield code="a">Began in 1924.</subfield></datafield><datafield ind1="0" ind2=" " tag="362"><subfield code="a">-54th year, no. 36 (Oct. 3, 1974).</subfield></datafield><datafield ind1=" " ind2=" " tag="500"><subfield code="a">"Compton" appears in small print above "Herald American," &lt;Mar. 6, 1960&gt;-Oct. 3, 1974; "And The Compton Herald" appears in smaller print below "Herald American," &lt;Mar. 6, 1960&gt;-Oct. 3, 1974.</subfield></datafield><datafield ind1=" " ind2=" " tag="530"><subfield code="a">Master negatives are available for duplication from:</subfield><subfield code="b">California Newspaper Microfilm Archive;</subfield><subfield code="c">for further information consult the CNMA at:</subfield><subfield code="u">http://cbsr.ucr.edu</subfield></datafield><datafield ind1=" " ind2=" " tag="580"><subfield code="a">Published in several local editions.</subfield></datafield><datafield ind1=" " ind2=" " tag="588"><subfield code="a">Description based on: Vol. 24, no. 47 (Mar. 6, 1960).</subfield></datafield><datafield ind1=" " ind2="0" tag="651"><subfield code="a">Compton (Calif.)</subfield><subfield code="v">Newspapers.</subfield></datafield><datafield ind1=" " ind2="7" tag="655"><subfield code="a">Newspapers.</subfield><subfield code="2">fast</subfield><subfield code="0">(OCoLC)fst01423814</subfield></datafield><datafield ind1=" " ind2="7" tag="651"><subfield code="a">California</subfield><subfield code="z">Compton.</subfield><subfield code="2">fast</subfield><subfield code="0">(OCoLC)fst01218709</subfield></datafield><datafield ind1=" " ind2=" " tag="752"><subfield code="a">United States</subfield><subfield code="b">California</subfield><subfield code="c">Los Angeles</subfield><subfield code="d">Compton.</subfield></datafield><datafield ind1="0" ind2="0" tag="785"><subfield code="t">Compton herald American (Compton, Calif.)</subfield><subfield code="w">(DLC)sn 96062725</subfield></datafield></record>